<?xml version="1.0" encoding="UTF-8"?><record xmlns="http://www.loc.gov/MARC21/slim" xmlns:cinclude="http://apache.org/cocoon/include/1.0" xmlns:zs="http://www.loc.gov/zing/srw/">
  <leader>00446cz  a2200133n  4500</leader>
  <controlfield tag="001">n 2001040946</controlfield>
  <controlfield tag="003">DLC</controlfield>
  <controlfield tag="005">20030415110534.0</controlfield>
  <controlfield tag="008">010711n| acannaabn          |n aaa      </controlfield>
  <datafield tag="010" ind1=" " ind2=" ">
    <subfield code="a">n 2001040946</subfield>
  </datafield>
  <datafield tag="040" ind1=" " ind2=" ">
    <subfield code="a">DLC</subfield>
    <subfield code="b">eng</subfield>
    <subfield code="c">DLC</subfield>
    <subfield code="d">DLC</subfield>
  </datafield>
  <datafield tag="100" ind1="1" ind2=" ">
    <subfield code="a">Lodi, Luigi,</subfield>
    <subfield code="d">1856-1933</subfield>
  </datafield>
  <datafield tag="670" ind1=" " ind2=" ">
    <subfield code="a">Caro Olgogigi, c1999:</subfield>
    <subfield code="b">t.p. (Luigi Lodi) p. 25 (b. Sept. 2, 1856 in Crevalcore) p. 85 (d. Feb. 22, 1933 in Rome)</subfield>
  </datafield>
  <datafield tag="670" ind1=" " ind2=" ">
    <subfield code="a">LC manual auth. cd.</subfield>
    <subfield code="b">(hdg.: Lodi, Luigi, 1856-)</subfield>
  </datafield>
</record>